@book{Morales2020GrokkingDL,
  title={Grokking Deep Reinforcement Learning},
  author={Miguel Morales},
  publisher={Manning},
  year={2020},
  isbn={9781617295454},
  length={472 pages}
}

@misc{SuttonBartoRLBook,
  author = {Richard S. Sutton and Andrew G. Barto},
  title = {Reinforcement Learning: An Introduction},
  year = {2018},
  note = {Second Edition},
  howpublished = {\url{http://incompleteideas.net/book/the-book-2nd.html}},
  note = {Accessed: 2024}
}

@misc{CopeMazeGenerationDFS,
  author = {Greg Cope},
  title = {{Maze Generation Algorithm - Depth First Search}},
  year = {2022},
  howpublished = {\url{https://www.algosome.com/articles/maze-generation-depth-first.html}},
  note = {Accessed: 2024-02-24}
}
